@article{camp2001women,
  title={Women in computer sciences: Reversing the trend},
  author={Camp, Tracy},
  journal={Syllabus Magazine},
  pages={24--26},
  year={2001}
}

@incollection{chan2000gender,
    title={Gender differences in Vancouver secondary students},
    author={Chan, Vania and Stafford, Katie and Klawe, Maria and Chen, Grace},
    booktitle={Women, work and computerization},
    pages={58--69},
    year={2000},
    publisher={Springer}
}

@article{williams2014you,
    title={Are you sure your software is gender-neutral?},
    author={Williams, Gayna},
    journal={interactions},
    volume={21},
    number={1},
    pages={36--39},
    year={2014},
    publisher={ACM New York, NY, USA}
}

@article{dubow2013diversity,
    title={Diversity in computing: Why it matters and how organizations can achieve it},
    author={DuBow, Wendy M},
    journal={Computer},
    volume={46},
    number={3},
    pages={24--29},
    year={2013},
    publisher={IEEE}
}

@article{svyantek2004received,
    title={Received wisdom and the relationship between diversity and organizational performance.},
    author={Svyantek, Daniel J and Bott, Jennifer},
    journal={Organizational Analysis (15517470)},
    volume={12},
    number={3},
    year={2004}
}

@article{sydell2013blazing,
    title={Blazing the trail for female programmers},
    author={Sydell, L},
    journal={National Public Radio},
    pages={04--29},
    year={2013}
}

@article{lagesen2008cyberfeminist,
    title={A cyberfeminist utopia? Perceptions of gender and computer science among Malaysian women computer science students and faculty},
    author={Lagesen, Vivian Anette},
    journal={Science, Technology, \& Human Values},
    volume={33},
    number={1},
    pages={5--27},
    year={2008},
    publisher={Sage Publications Sage CA: Los Angeles, CA}
}

@inproceedings{Alghamdi971716,
    author = {Alghamdi, Fayiq},
    booktitle = {Proc. 3rd ACM-W Europe Celebration of Women in Computing : },
    institution = {Uppsala University, Computing Science},
    pages = {4},
    pages = {1--3},
    title = {Women in computing in Saudi Arabia},
    year = {2016}
}

@book{salminen1999bringing,
    title={Bringing Women into Computer Engineering: Curriculum Reform Processes at Two Institutes of Technology. Linkoping Studies in Education and Psychology Dissertations, No. 60.},
    author={Salminen-Karlsson, Minna},
    year={1999},
    publisher={{ERIC}}
}

@book{martin2010masculinity,
    title={Masculinity and Femininity in the MMPI-2 and MMPI-A},
    author={Martin, Hale and Finn, Stephen E},
    year={2010},
    publisher={U of Minnesota Press}
}

@article{oliver1993gender,
    title={Gender differences in sexuality: a meta-analysis.},
    author={Oliver, Mary Beth and Hyde, Janet Shibley},
    journal={Psychological bulletin},
    volume={114},
    number={1},
    pages={29},
    year={1993},
    publisher={American Psychological Association}
}

@article{del2015gender,
    title={Gender differences in personality and social behavior},
    author={Del Giudice, Marco},
    year={2015},
    publisher={Elsevier}
}

@article{afifi2007gender,
    title={Gender differences in mental health},
    author={Afifi, Mustafa},
    journal={Singapore medical journal},
    volume={48},
    number={5},
    pages={385},
    year={2007},
    publisher={STAMFORD PUBLISHING PTE LTD}
}

@article{lippa2010gender,
    title={Gender differences in personality and interests: When, where, and why?},
    author={Lippa, Richard A},
    journal={Social and personality psychology compass},
    volume={4},
    number={11},
    pages={1098--1110},
    year={2010},
    publisher={Wiley Online Library}
}